@article{cule2014marbles,
  title={Marbles: Mining association rules buried in long event sequences},
  author={Cule, Boris and Tatti, Nikolaj and Goethals, Bart},
  journal={Statistical Analysis and Data Mining: The ASA Data Science Journal},
  volume={7},
  number={2},
  pages={93--110},
  year={2014},
  publisher={Wiley Online Library}
}
@article{mannila1997discovery,
  title={Discovery of frequent episodes in event sequences},
  author={Mannila, Heikki and Toivonen, Hannu and Verkamo, A Inkeri},
  journal={Data mining and knowledge discovery},
  volume={1},
  number={3},
  pages={259--289},
  year={1997},
  publisher={Springer}
}
@inproceedings{cule2016efficient,
  title={Efficient discovery of sets of co-occurring items in event sequences},
  author={Cule, Boris and Feremans, Len and Goethals, Bart},
  booktitle={Joint European Conference on Machine Learning and Knowledge Discovery in Databases},
  pages={361--377},
  year={2016},
  organization={Springer}
}
@article{tatti2012mining,
  title={Mining closed strict episodes},
  author={Tatti, Nikolaj and Cule, Boris},
  journal={Data Mining and Knowledge Discovery},
  volume={25},
  number={1},
  pages={34--66},
  year={2012},
  publisher={Springer}
}
@inproceedings{laxman2007fast,
  title={A fast algorithm for finding frequent episodes in event streams},
  author={Laxman, Srivatsan and Sastry, PS and Unnikrishnan, KP},
  booktitle={Proceedings of the 13th ACM SIGKDD international conference on Knowledge discovery and data mining},
  pages={410--419},
  year={2007},
  organization={ACM}
}
@inproceedings{agrawal1994fast,
  title={Fast algorithms for mining association rules},
  author={Agrawal, Rakesh and Srikant, Ramakrishnan and others},
  booktitle={Proc. 20th int. conf. very large data bases, VLDB},
  volume={1215},
  pages={487--499},
  year={1994}
}